
@article{osathanunkul2015classification:business,
  title= "A classification of business models in video game industry",
  author = "Osathanunkul, Chin",
  journal = "International Journal of Management Cases",
  volume = 17,
  number= 1,
  pages= "35--44",
  year= "2015",
}

@article{IGN:WOW,
  title= "World of Warcraft Reaches 12 Million Subscribers",
  author = "Jim Reilly",
  journal = "IGN",
  month = oct,
  year= "2010",
}

@book{Graham:LBCI,
	author = "Lawrence D. Graham",
	title = "Legal battles that shaped the computer industry",
	publisher = "Greenwood Publishing Group",
	year = 1999
}


@article{gao2022nature:arcade,
  title= "Nature of arcade games",
  author= "Gao, Yuexian and Liu, Chang and Gao, Naying and Khalid, Mohd Nor Akmal and Iida, Hiroyuki",
  journal="Entertainment Computing",
  volume= 41,
  year= "2022",
  publisher= "Elsevier"
}

@incollection{mayra2020mobile:mob,
  title= "Mobile gaming",
  author= "Mayra, Frans and Alha, Kati",
  booktitle= "The Video Game Debate 2",
  pages="107--120",
  year="2020",
  publisher="Routledge"
}

@article{tomic2018economic:micro,
  title= "Economic model of microtransactions in video games",
  author= "Tomi{\'c}, Nenad Zoran",
  journal= "J. Econ. Sci. Res. Vol",
  volume= 1,
  number= 01,
  year= "2018"
}

@article{zendle2020prevalence,
  title= "The prevalence of loot boxes in mobile and desktop games",
  author="Zendle, David and Meyer, Rachel and Cairns, Paul and Waters, Stuart and Ballou, Nick",
  journal="Addiction",
  volume=115,
  number=9,
  pages="1768--1772",
  year="2020",
  publisher="Wiley Online Library"
}