
@article{osathanunkul2015classification:business,
  title= "A classification of business models in video game industry",
  author = "Osathanunkul, Chin",
  journal = "International Journal of Management Cases",
  volume = 17,
  number= 1,
  pages= "35--44",
  year= "2015",
}

@book{Graham:LBCI,
	author = "Lawrence D. Graham",
	title = "Legal battles that shaped the computer 			    industry",
	publisher = "Greenwood Publishing Group",
	year = 1999
}


@article{gao2022nature,
  title={Nature of arcade games},
  author={Gao, Yuexian and Liu, Chang and Gao, Naying and Khalid, Mohd Nor Akmal and Iida, Hiroyuki},
  journal={Entertainment Computing},
  volume={41},
  pages={100469},
  year={2022},
  publisher={Elsevier}
}